<record><leader>00000cas a22000007a 4500</leader><controlfield tag="001">11139929</controlfield><controlfield tag="008">840911d18521861ohuir ne      0    0eng d</controlfield><datafield ind1=" " ind2=" " tag="010"><subfield code="a">sn 84028529 </subfield></datafield><datafield ind1=" " ind2=" " tag="040"><subfield code="a">NPY</subfield><subfield code="b">eng</subfield><subfield code="c">NPY</subfield><subfield code="d">ONP</subfield><subfield code="d">DLC</subfield><subfield code="d">OCLCG</subfield><subfield code="d">OCLCA</subfield></datafield><datafield ind1="1" ind2=" " tag="029"><subfield code="a">AU@</subfield><subfield code="b">000025795824</subfield></datafield><datafield ind1=" " ind2=" " tag="042"><subfield code="a">msc</subfield></datafield><datafield ind1="0" ind2=" " tag="130"><subfield code="a">Marietta intelligencer (Marietta, Ohio : 1852)</subfield></datafield><datafield ind1="0" ind2="4" tag="245"><subfield code="a">The Marietta intelligencer.</subfield></datafield><datafield ind1=" " ind2=" " tag="250"><subfield code="a">Triweekly ed.</subfield></datafield><datafield ind1=" " ind2=" " tag="260"><subfield code="a">Marietta, [Ohio] :</subfield><subfield code="b">Beman Gates,</subfield><subfield code="c">1852-</subfield></datafield><datafield ind1=" " ind2=" " tag="300"><subfield code="a">v. ;</subfield><subfield code="c">52 cm.</subfield></datafield><datafield ind1=" " ind2=" " tag="310"><subfield code="a">Triweekly</subfield></datafield><datafield ind1="0" ind2=" " tag="362"><subfield code="a">Vol. 1, no. 73 (Apr. 6, 1852)-</subfield></datafield><datafield ind1="1" ind2=" " tag="362"><subfield code="a">Ceased in 1861?</subfield><subfield code="z">Cf. Gutgesell, S.  Guide to Ohio newspapers, 1974.</subfield></datafield><datafield ind1=" " ind2=" " tag="500"><subfield code="a">Editors: Beman Gates, 1852-1856; T.L. Andrews, 1856-1861.</subfield></datafield><datafield ind1=" " ind2=" " tag="580"><subfield code="a">Weekly ed.: Marietta intelligencer (Marietta, Ohio : 1839).</subfield></datafield><datafield ind1="1" ind2=" " tag="700"><subfield code="a">Gates, Beman,</subfield><subfield code="d">1818-</subfield></datafield><datafield ind1="1" ind2=" " tag="700"><subfield code="a">Andrews, T. L.</subfield></datafield><datafield ind1=" " ind2=" " tag="752"><subfield code="a">United States</subfield><subfield code="b">Ohio</subfield><subfield code="c">Washington</subfield><subfield code="d">Marietta.</subfield></datafield><datafield ind1="1" ind2=" " tag="775"><subfield code="t">Marietta intelligencer (Marietta, Ohio : 1839)</subfield><subfield code="w">(DLC)sn 84028528</subfield></datafield><datafield ind1="0" ind2="0" tag="780"><subfield code="t">Intelligencer (Marietta, Ohio : 1851)</subfield><subfield code="w">(DLC)sn 88078836</subfield></datafield></record>